<?xml version = "1.0" encoding = "UTF-8"?><OAI-PMH xmlns="http://www.openarchives.org/OAI/2.0/" xmlns:xsi="http://www.w3.org/2001/XMLSchema-instance" xsi:schemaLocation="http://www.openarchives.org/OAI/2.0/ http://www.openarchives.org/OAI/2.0/OAI-PMH.xsd"><ListRecords><record><header><identifier>aleph-publish:004892172</identifier></header><metadata><record xmlns="http://www.ddb.de/professionell/mabxml/mabxml-1.xsd"><leader>00621vM2.01200024------h</leader><controlfield tag="LDR">00621vM2.01200024------h</controlfield><controlfield tag="FMT">MH</controlfield><datafield tag="001" ind1="-" ind2="1"><subfield code="a">HT003791559</subfield></datafield><datafield tag="002" ind1="a" ind2="1"><subfield code="a">19970924</subfield></datafield><datafield tag="003" ind1="-" ind2="1"><subfield code="a">20151216</subfield></datafield><datafield tag="026" ind1="-" ind2="1"><subfield code="a">HBZHT003791559</subfield></datafield><controlfield tag="030">a|1uc||||||37</controlfield><datafield tag="036" ind1="a" ind2="1"><subfield code="a">DD</subfield></datafield><datafield tag="037" ind1="b" ind2="1"><subfield code="a">ger</subfield></datafield><controlfield tag="050">a|||||||||||||</controlfield><controlfield tag="051">n|||||||</controlfield><datafield tag="070" ind1="-" ind2="1"><subfield code="a">292</subfield></datafield><datafield tag="070" ind1="b" ind2="1"><subfield code="a">38/427</subfield></datafield><datafield tag="080" ind1="-" ind2="1"><subfield code="a">60</subfield></datafield><datafield tag="100" ind1="b" ind2="1"><subfield code="p">Kaestner, Alfred</subfield><subfield code="d">1901-1971</subfield><subfield code="b">[Begr.]</subfield><subfield code="9">(DE-588)129110833</subfield></datafield><datafield tag="101" ind1="-" ind2="1"><subfield code="p">Kästner, Alfred</subfield><subfield code="d">1901-1971</subfield></datafield><datafield tag="101" ind1="-" ind2="1"><subfield code="p">Kaestner, A.</subfield><subfield code="d">1901-1971</subfield></datafield><datafield tag="104" ind1="b" ind2="1"><subfield code="p">Fiedler, Kurt</subfield><subfield code="9">(DE-588)101263996</subfield></datafield><datafield tag="108" ind1="b" ind2="1"><subfield code="p">Wetzel, Arno</subfield><subfield code="9">(DE-588)177938315</subfield></datafield><datafield tag="112" ind1="b" ind2="1"><subfield code="p">Gruner, Hans-Eckhard</subfield><subfield code="9">(DE-588)104965770</subfield></datafield><datafield tag="331" ind1="-" ind2="1"><subfield code="a">Lehrbuch der speziellen Zoologie</subfield></datafield><datafield tag="359" ind1="-" ind2="1"><subfield code="a">[begr. von Alfred Kaestner]</subfield></datafield><datafield tag="410" ind1="-" ind2="1"><subfield code="a">Jena</subfield></datafield><datafield tag="412" ind1="-" ind2="1"><subfield code="a">Fischer</subfield></datafield><datafield tag="425" ind1="b" ind2="1"><subfield code="a">1954</subfield></datafield><datafield tag="511" ind1="-" ind2="1"><subfield code="p">Verl.-Ort später</subfield><subfield code="a">Jena [u.a.]. - Später ersch. bei Spektrum Akad. Verl., Heidelberg [u.a.]</subfield></datafield><datafield tag="533" ind1="-" ind2="1"><subfield code="p">Titel von Bd. 1 ab 4. Aufl.</subfield><subfield code="a">Wirbellose Tiere</subfield></datafield><datafield tag="540" ind1="a" ind2="1"><subfield code="a">3-334-00339-6</subfield></datafield><datafield tag="540" ind1="a" ind2="1"><subfield code="a">3-334-61000-4</subfield></datafield><datafield tag="700" ind1="l" ind2="1"><subfield code="a">780</subfield></datafield><datafield tag="700" ind1="l" ind2="1"><subfield code="a">794</subfield></datafield><datafield tag="711" ind1="a" ind2="1"><subfield code="a">Zoology</subfield><subfield code="x">MeSH</subfield></datafield><datafield tag="902" ind1="-" ind2="1"><subfield code="s">Spezielle Zoologie</subfield><subfield code="9">(DE-588)4116565-2</subfield></datafield><controlfield tag="SYS">004892172</controlfield><datafield tag="LOW" ind1="-" ind2="1"><subfield code="a">B0001</subfield></datafield><datafield tag="LOW" ind1="-" ind2="1"><subfield code="a">B4051</subfield></datafield><datafield tag="LOW" ind1="-" ind2="1"><subfield code="a">C0001</subfield></datafield><datafield tag="LOW" ind1="-" ind2="1"><subfield code="a">K0001</subfield></datafield><datafield tag="LOW" ind1="-" ind2="1"><subfield code="a">KM001</subfield></datafield><datafield tag="LOW" ind1="-" ind2="1"><subfield code="a">M0001</subfield></datafield><datafield tag="LOW" ind1="-" ind2="1"><subfield code="a">Q0001</subfield></datafield><datafield tag="LOW" ind1="-" ind2="1"><subfield code="a">Q0003</subfield></datafield><datafield tag="LOW" ind1="-" ind2="1"><subfield code="a">R0001</subfield></datafield><datafield tag="LOW" ind1="-" ind2="1"><subfield code="a">R0002</subfield></datafield><datafield tag="LOW" ind1="-" ind2="1"><subfield code="a">U0001</subfield></datafield><datafield tag="LOW" ind1="-" ind2="1"><subfield code="a">V0001</subfield></datafield><datafield tag="LOW" ind1="-" ind2="1"><subfield code="a">Q1013</subfield></datafield><datafield tag="952" ind1="-" ind2="1"><subfield code="s">Systematische Zoologie</subfield><subfield code="h">Spezielle Zoologie</subfield></datafield><datafield tag="088" ind1=" " ind2=" "><subfield code="a">466</subfield><subfield code="b">40</subfield><subfield code="c">VRA1017-...</subfield><subfield code="e">Kurzausleihe</subfield></datafield><datafield tag="088" ind1=" " ind2=" "><subfield code="a">385</subfield><subfield code="b">45</subfield><subfield code="c">BJ/g19691</subfield><subfield code="e">Keine Angabe</subfield></datafield><datafield tag="088" ind1=" " ind2=" "><subfield code="a">Kob 7</subfield><subfield code="c">BI/O 2002 937</subfield><subfield code="e">91</subfield></datafield><datafield tag="088" ind1=" " ind2=" "><subfield code="a">61</subfield><subfield code="b">03</subfield><subfield code="c">biov144.k11</subfield><subfield code="e">Keine Angabe</subfield></datafield><datafield tag="088" ind1=" " ind2=" "><subfield code="a">61/41</subfield><subfield code="b">41</subfield><subfield code="c">biov144.k11</subfield><subfield code="e">Keine Angabe</subfield></datafield><datafield tag="088" ind1=" " ind2=" "><subfield code="a">Lan 1</subfield><subfield code="b">FRHLD</subfield><subfield code="c">bio 99-64/</subfield><subfield code="e">Dienstgebrauch</subfield></datafield><datafield tag="088" ind1=" " ind2=" "><subfield code="a">121</subfield><subfield code="c">Einzelsignatur</subfield><subfield code="e">12</subfield></datafield><datafield tag="088" ind1=" " ind2=" "><subfield code="a">64</subfield></datafield><datafield tag="088" ind1=" " ind2=" "><subfield code="a">38</subfield></datafield><datafield tag="088" ind1=" " ind2=" "><subfield code="a">5</subfield></datafield><datafield tag="088" ind1=" " ind2=" "><subfield code="a">294/7</subfield></datafield><datafield tag="088" ind1=" " ind2=" "><subfield code="a">294</subfield></datafield><datafield tag="088" ind1=" " ind2=" "><subfield code="a">361</subfield></datafield><datafield tag="088" ind1=" " ind2=" "><subfield code="a">464</subfield><subfield code="c">VRA1091_d &lt;&lt;Grundsignatur&gt;&gt;</subfield></datafield><datafield tag="088" ind1=" " ind2=" "><subfield code="a">465</subfield><subfield code="c">VQN1393 &lt;&lt;Grundsignatur&gt;&gt;</subfield></datafield><datafield tag="088" ind1=" " ind2=" "><subfield code="a">467</subfield></datafield><datafield tag="088" ind1=" " ind2=" "><subfield code="a">468</subfield></datafield><datafield tag="088" ind1=" " ind2=" "><subfield code="a">5 N</subfield></datafield><datafield tag="088" ind1=" " ind2=" "><subfield code="a">6</subfield></datafield><datafield tag="088" ind1=" " ind2=" "><subfield code="a">929</subfield></datafield><datafield tag="088" ind1=" " ind2=" "><subfield code="a">290</subfield></datafield><datafield tag="088" ind1=" " ind2=" "><subfield code="a">38 M</subfield></datafield><datafield tag="088" ind1=" " ind2=" "><subfield code="a">1018</subfield></datafield><datafield tag="088" ind1=" " ind2=" "><subfield code="a">Zw 1</subfield></datafield><datafield tag="088" ind1=" " ind2=" "><subfield code="a">5/12</subfield></datafield></record></metadata></record></ListRecords></OAI-PMH>